@book{eiben2003introduction,
  title={Introduction to evolutionary computing},
  author={Eiben, Agoston E and Smith, James E},
  year={2003},
  publisher={Springer Science \& Business Media}
}

@article{eiben1999parameter,
  title={Parameter control in evolutionary algorithms},
  author={Eiben, Agoston Endre and Hinterding, Robert and Michalewicz, Zbigniew},
  journal={Evolutionary Computation, IEEE Transactions on},
  volume={3},
  number={2},
  pages={124--141},
  year={1999},
  publisher={IEEE}
}
@article{stanley2004competitive,
  title={Competitive coevolution through evolutionary complexification},
  author={Stanley, Kenneth O and Miikkulainen, Risto},
  journal={J. Artif. Intell. Res.(JAIR)},
  volume={21},
  pages={63--100},
  year={2004}
}